@book{koza92,
		author    = "Koza, John R.",
		title     = "Genetic Programming: On the Programming of Computers by Means of Natural Selection",
		publisher = "MIT Press",
		year      = "1992"
}


@misc{ wiki:latex,
       author = "Wikipedia",
       title = "LaTeX --- Wikipedia{,} La enciclopedia libre",
       year = "2015",
       howpublished = "\url{https://es.wikipedia.org/w/index.php?title=LaTeX&oldid=84209252}",
       note = "[Internet; descargado 30-septiembre-2015]"
}

@misc{ wiki:mit-license,
       author = "Wikipedia",
       title = "Licencia MIT --- Wikipedia{,} La enciclopedia libre",
       year = "2023",
       howpublished = "\url{https://es.wikipedia.org/w/index.php?title=Licencia_MIT&oldid=151165122}",
       note = "[Internet; descargado 15-mayo-2023]"
}

@misc{ wiki:bsd-license,
       author = "Wikipedia",
       title = "Licencia BSD --- Wikipedia{,} La enciclopedia libre",
       year = "2022",
       howpublished = "\url{https://es.wikipedia.org/w/index.php?title=Licencia_BSD&oldid=146098617}",
       note = "[Internet; descargado 21-septiembre-2022]"
}

@misc{ apache-license,
       author = "Apache",
       title = "LICENCIA APACHE, versión 2.0",
       year = "2023",
       howpublished = "\url{https://www.apache.org/licenses/LICENSE-2.0}",
       note = "[Internet]"
}

@misc{ gnu-license,
       author = "GNU",
       title = "GNU Library General Public License, version 2.0",
       year = "2023",
       howpublished = "\url{https://www.gnu.org/licenses/old-licenses/lgpl-2.0.html}",
       note = "[Internet]"
}

@misc{ wiki:isc-license,
    author = "{Wikipedia contributors}",
    title = "ISC license --- {Wikipedia}{,} The Free Encyclopedia",
    year = "2023",
    howpublished = "\url{https://en.wikipedia.org/w/index.php?title=ISC_license&oldid=1151785929}",
    note = "[Online; accessed 13-June-2023]"
  }
  
@misc{ gnu-recomendation,
    author = "{GNU}",
    title = "Por qué en su próxima biblioteca no debería utilizar la Licencia Pública General Reducida de GNU (GNU LGPL)",
    year = "2023",
    howpublished = "\url{https://www.gnu.org/licenses/why-not-lgpl.html}",
    note = "[Internet]"
  }
  
  





