@book{koza92,
		author    = "Koza, John R.",
		title     = "Genetic Programming: On the Programming of Computers by Means of Natural Selection",
		publisher = "MIT Press",
		year      = "1992"
}


@misc{ wiki:latex,
       author = "Wikipedia",
       title = "LaTeX --- Wikipedia{,} La enciclopedia libre",
       year = "2015",
       howpublished = {\url{https://es.wikipedia.org/w/index.php?title=LaTeX&oldid=84209252}},
       note = "[Internet; descargado 30-septiembre-2015]"
}


@article{bortolot2005,
  title={Estimating forest biomass using small footprint LiDAR data: An individual tree-based approach that incorporates training data},
  author={Bortolot, Zachary J and Wynne, Randolph H},
  journal={ISPRS Journal of Photogrammetry and Remote Sensing},
  volume={59},
  number={6},
  pages={342--360},
  year={2005},
  publisher={Elsevier}
}


@misc{python,
	author={Phyton},
	title= {Documentación de Python}, 
	howpublished = {\url{https://docs.python.org/3/tutorial/index.html}},
	note = {\url{https://docs.python.org/3/tutorial/index.html}},
	year=2023
}


@misc{wiki:github,
  author = "{Wikipedia contributors}",
  title = "GitHub --- {Wikipedia}{,} The Free Encyclopedia",
  year = "2023",
  howpublished = {\url{https://en.wikipedia.org/w/index.php?title=GitHub&oldid=1147528749}},
  note = "[Online; accessed 2-April-2023; \url{https://en.wikipedia.org/w/index.php?title=GitHub&oldid=1147528749}]"
}


@misc{sqlAlchemy,
	author={SQLAlchemy},
	title= {Documentación de SQLAlchemy}, 
	howpublished = {\url{https://docs.sqlalchemy.org/en/20/intro.html}},
	note = {\url{https://docs.sqlalchemy.org/en/20/intro.html}},
	year=2023
}


@book{scrum,
	author={Juan Palacio, Claudia Ruata},
	title={Scrum Manager. Gestión de Proyectos},
	year=2011
}

@book{apuntesScrum,
	author={Daniel Urda Muñoz},
	title={Temario de la asignatura Gestión de Proyectos de la Universidad de Burgos},
	year=2020
}

@misc{ wiki:web,
       author = "Wikipedia",
       title = "World Wide Web --- Wikipedia{,} La enciclopedia libre",
       year = "2023",
       howpublished = {\url{https://es.wikipedia.org/w/index.php?title=World_Wide_Web&oldid=149753290}},
       note = "[Internet; descargado 3-abril-2023]"
}

@misc{javascript,
	author={Amazon},
	title= {¿Qué es JavaScript?}, 
	howpublished = {\url{https://aws.amazon.com/es/what-is/javascript/}},
	note = {\url{https://aws.amazon.com/es/what-is/javascript/}},
	year=2023
}

@misc{ wiki:xss,
    author = "{Wikipedia contributors}",
    title = "Cross-site scripting --- {Wikipedia}{,} The Free Encyclopedia",
    year = "2023",
    howpublished = "\url{https://en.wikipedia.org/w/index.php?title=Cross-site_scripting&oldid=1151071276}",
    note = "[Online; accessed 22-May-2023]"
}
  
@misc{ wiki:csrf,
    author = "{Wikipedia contributors}",
    title = "Cross-site request forgery --- {Wikipedia}{,} The Free Encyclopedia",
    year = "2023",
    howpublished = "\url{https://en.wikipedia.org/w/index.php?title=Cross-site_request_forgery&oldid=1154181612}",
    note = "[Online; accessed 22-May-2023]"
}


